@ARTICLE{Forney1973,
  author = {{Forney,~Jr.}, G. D.},
  title = {The viterbi algorithm}
}

@ARTICLE{Forney1973,
  author = {G.D. Forney, Jr.},
  title = {The viterbi algorithm}
}

@INCOLLECTION{Xu2005,
  author = {Xu, M. and Duan, L.-Y. and Cai, J. and Chia, L.-T. and  Xu, C. and Tian, Q.},
}

@INPROCEEDINGS{Vera-Candeas2003,
  author = {Vera-Candeas, P. and Ruiz-Reyes, N. and Curpi{\'a}n-Alonso, J. and Rosa-Zurera, M.},
  title = {A new sinusoidal modelling approach for parametric speech and audio
	coding}
}

@INPROCEEDINGS{Ariananda2013,
  author = {Ariananda, D. D. and Lakshmanan, M. K. and Nikookar, H.},
  title = {An Investigation of Wavelet Packet Transform for Spectrum Estimation},
  timestamp = {2013.07.16}
}

@INPROCEEDINGS{Coifman1992a,
  author = {Coifman, R. R. and Meyer, Y. and Wickerhauser, V.},
  title = {Wavelet analysis and signal processing},
  organization = {Citeseer},
  owner = {jenc2},
  timestamp = {2013.07.22}
}

@ARTICLE{Coifman1992,
  author = {Coifman, R. R. and Wickerhauser, M. V.},
  title = {Entropy-based algorithms for best basis selection},
  journal = {Information Theory, IEEE Transactions on}
}

@INPROCEEDINGS{Christensen2011,
  author = {Christensen, J. E. N. and Godsill, S. J.},
  title = {Bayesian classification of acoustical waveforms under environmental
	variability},
  booktitle = {Applications of Signal Processing to Audio and Acoustics (WASPAA),
	2011 IEEE Workshop on},
  timestamp = {2013.11.20}
}

@INPROCEEDINGS{Cocchi2001,
  author = {Cocchi, G. and Uncini, A.},
  timestamp = {2013.10.24}
}

