@INPROCEEDINGS{Esquef2003,
  author = {Esquef, Paulo AA and V{\"a}lim{\"a}ki, Vesa and Roth, Kari and Kauppinen,
	Ismo},
  title = {Interpolation of long gaps in audio signals using the warped burg’s
	method},
  booktitle = {Proc. 6th Int. Conf. on Digital Audio Effects (DAFx-03)},
  year = {2003},
  pages = {08--11},
  organization = {Citeseer},
  file = {:D\:\\Dropbox\\KeystrokeRemovalShare\\papers\\files\\Esquef2003.pdf:PDF},
  owner = {jenc2},
  timestamp = {2013.10.24}
}

@INPROCEEDINGS{Biscainho2000,
  author = {Biscainho, Luiz WP and Freeland, Fvabio P and Esquef, Paulo AA and
	Diniz, Paulo SR},
  title = {Wavelet shrinkage denoising applied to real audio signals under perceptual
	evaluation},
  booktitle = {EUPSICO 2000: European signal processing conference},
  year = {2000}
}

@INPROCEEDINGS{Ariananda2013,
  author = {Dyonisius  Dony Ariananda and Madan Kumar Lakshmanan and Homayoun
	Nikookar},
  title = {An Investigation of Wavelet Packet Transform for Spectrum Estimation},
  timestamp = {2013.07.16}
}

@INPROCEEDINGS{Christensen2011,
  author = {Christensen, J.E.N. and Godsill, S.J.},
  title = {Bayesian classification of acoustical waveforms under environmental
	variability},
  booktitle = {Applications of Signal Processing to Audio and Acoustics (WASPAA),
	2011 IEEE Workshop on},
  timestamp = {2013.11.20}
}

@ARTICLE{Coifman1992,
  author = {Coifman, R.R. and Wickerhauser, M.V.},
  title = {Entropy-based algorithms for best basis selection},
  journal = {Information Theory, IEEE Transactions on}
}


@INPROCEEDINGS{Coifman1992a,
  AUTHOR = {Coifman, Ronald R and Meyer, Yves and Wickerhauser, Victor},
  title = {Wavelet analysis and signal processing},
  organization = {Citeseer},
  owner = {jenc2},
  timestamp = {2013.07.22}
}

@INPROCEEDINGS{Cocchi2001,
  author = {Cocchi, G. and Uncini, A.},
  timestamp = {2013.10.24}
}

